%% This BibTeX bibliography file was created using BibDesk.
%% http://bibdesk.sourceforge.net/

%% Created for Edo Liberty at 2016-04-09 23:02:38 -0400 


%% Saved with string encoding Unicode (UTF-8) 



@inproceedings{AggarwalDK09,
	Author = {Ankit Aggarwal and Amit Deshpande and Ravi Kannan},
	Bibsource = {dblp computer science bibliography, http://dblp.org},
	Biburl = {http://dblp.uni-trier.de/rec/bib/conf/approx/AggarwalDK09},
	Booktitle = {Approximation, Randomization, and Combinatorial Optimization. Algorithms and Techniques, 12th International Workshop, {APPROX} 2009, and 13th International Workshop, {RANDOM} 2009, Berkeley, CA, USA, August 21-23, 2009. Proceedings},
	Date-Added = {2016-04-10 03:02:31 +0000},
	Date-Modified = {2016-04-10 03:02:37 +0000},
	Doi = {10.1007/978-3-642-03685-9_2},
	Pages = {15--28},
	Timestamp = {Sat, 29 Aug 2009 20:23:56 +0200},
	Title = {Adaptive Sampling for k-Means Clustering},
	Url = {http://dx.doi.org/10.1007/978-3-642-03685-9_2},
	Year = {2009},
	Bdsk-Url-1 = {http://dx.doi.org/10.1007/978-3-642-03685-9_2}}
